<?xml version="1.0" encoding="utf-8"?>
<record xmlns="http://www.loc.gov/MARC21/slim" xmlns:xsi="http://www.w3.org/2001/XMLSchema-instance" xsi:schemaLocation="http://www.loc.gov/MARC21/slim http://www.loc.gov/standards/marcxml/schema/MARC21slim.xsd">
	<leader>     nam a22     Mi 4500</leader>
	<controlfield tag="001">703446</controlfield>
	<controlfield tag="003">NjP</controlfield>
	<controlfield tag="006">m        d        </controlfield>
	<controlfield tag="007">cr cn |||m|||a</controlfield>
	<controlfield tag="008">180326m19909999ir      ob    00010 ara d</controlfield>
	<datafield ind1="7" ind2=" " tag="024">
		<subfield code="a">princeton_aco001191</subfield>
		<subfield code="2">local</subfield>
	</datafield>
	<datafield ind1=" " ind2=" " tag="040">
		<subfield code="a">ZYU</subfield>
		<subfield code="b">eng</subfield>
		<subfield code="c">ZYU</subfield>
	</datafield>
	<datafield ind1="2" ind2=" " tag="100">
		<subfield code="a">Gharawī al-Tabrīzī, Mīrzā ʻAlī.</subfield>
	</datafield>
	<datafield ind1="1" ind2="0" tag="240">
		<subfield code="a">Tanqīḥ min sharḥ al-ʻUrwah al-wuthqá</subfield>
	</datafield>
	<datafield ind1="1" ind2="3" tag="245">
		<subfield code="a">al-Tanqīḥ fī sharḥ al-ʻUrwah al-wuthqá</subfield>
		<subfield code="h">[electronic resource] :</subfield>
		<subfield code="b">taqrīran li-baḥth Āyat Allāh al-ʻUẓmá al-Sayyid Abū al-Qāsim al-Khūʼī /</subfield>
		<subfield code="c">taʼlīf ʻAlī al-Gharawī al-Tabrīzī.</subfield>
	</datafield>
	<datafield ind1=" " ind2=" " tag="250">
		<subfield code="a">al-Ṭabʻah 1.</subfield>
	</datafield>
	<datafield ind1=" " ind2=" " tag="260">
		<subfield code="a">Qum :</subfield>
		<subfield code="b">Luṭfī,</subfield>
		<subfield code="c">1410- [1990- ]</subfield>
	</datafield>
	<datafield ind1=" " ind2=" " tag="300">
		<subfield code="a">online resource (v.)</subfield>
	</datafield>
	<datafield ind1="1" ind2=" " tag="490">
		<subfield code="a">Manshūrāt Madrasat Dār al-ʻIlm ;</subfield>
		<subfield code="v">13, 19, 22, 25, 29</subfield>
	</datafield>
	<datafield ind1=" " ind2=" " tag="500">
		<subfield code="a">Vol. 8: al-Ṭabʻah 2.</subfield>
	</datafield>
	<datafield ind1=" " ind2=" " tag="500">
		<subfield code="a">Part of the Arabic Collections Online (ACO) project, contributed by Princeton University Libraries.</subfield>
	</datafield>
	<datafield ind1=" " ind2=" " tag="504">
		<subfield code="a">Includes bibliographical references.</subfield>
	</datafield>
	<datafield ind1=" " ind2=" " tag="533">
		<subfield code="a">Electronic reproduction.</subfield>
		<subfield code="b">New York, N.Y. :</subfield>
		<subfield code="c">New York University,</subfield>
		<subfield code="d">2018.</subfield>
		<subfield code="5">NNU</subfield>
	</datafield>
	<datafield ind1="1" ind2="0" tag="600">
		<subfield code="a">Ṭabāṭabāʼī al-Yazdī, Muḥammad Kāẓim,</subfield>
		<subfield code="d">-1919.</subfield>
		<subfield code="t">ʻUrwah al-wuthqá.</subfield>
	</datafield>
	<datafield ind1=" " ind2="0" tag="650">
		<subfield code="a">Prayer</subfield>
		<subfield code="x">Islam.</subfield>
		<subfield code="0">(uri)http://id.loc.gov/authorities/subjects/sh85106123</subfield>
	</datafield>
	<datafield ind1="1" ind2=" " tag="700">
		<subfield code="a">Khūʼī, Abū al-Qāsim ibn ʻAlī Akbar,</subfield>
		<subfield code="d">1899-</subfield>
	</datafield>
	<datafield ind1="2" ind2=" " tag="710">
		<subfield code="a">Princeton University.</subfield>
		<subfield code="b">Library.</subfield>
	</datafield>
	<datafield ind1="0" ind2=" " tag="730">
		<subfield code="a">Arabic Collections Online.</subfield>
	</datafield>
	<datafield ind1="0" ind2="8" tag="776">
		<subfield code="i">Print version:</subfield>
		<subfield code="a">Gharawī al-Tabrīzī, Mīrzā ʻAlī.</subfield>
		<subfield code="t">al-Tanqīḥ fī sharḥ al-ʻUrwah al-wuthqá</subfield>
		<subfield code="w">(NjP)703446</subfield>
	</datafield>
	<datafield ind1=" " ind2="0" tag="830">
		<subfield code="a">Manshūrāt Madrasat Dār al-ʻIlm ;</subfield>
		<subfield code="v">13.</subfield>
	</datafield>
	<datafield ind1=" " ind2="0" tag="830">
		<subfield code="a">Manshūrāt Madrasat Dār al-ʻIlm ;</subfield>
		<subfield code="v">19.</subfield>
	</datafield>
	<datafield ind1=" " ind2="0" tag="830">
		<subfield code="a">Manshūrāt Madrasat Dār al-ʻIlm ;</subfield>
		<subfield code="v">22.</subfield>
	</datafield>
	<datafield ind1=" " ind2="0" tag="830">
		<subfield code="a">Manshūrāt Madrasat Dār al-ʻIlm ;</subfield>
		<subfield code="v">25.</subfield>
	</datafield>
	<datafield ind1=" " ind2="0" tag="830">
		<subfield code="a">Manshūrāt Madrasat Dār al-ʻIlm ;</subfield>
		<subfield code="v">29.</subfield>
	</datafield>
	<datafield ind1="4" ind2="0" tag="856">
		<subfield code="u">http://hdl.handle.net/2333.1/vt4b8phf</subfield>
	</datafield>
	<datafield ind1=" " ind2=" " tag="911">
		<subfield code="a">19940825</subfield>
	</datafield>
	<datafield ind1=" " ind2=" " tag="912">
		<subfield code="a">19961118055858.0</subfield>
	</datafield>
	<datafield ind1=" " ind2=" " tag="959">
		<subfield code="a">NNU</subfield>
		<subfield code="b">WEB</subfield>
		<subfield code="c">GENI</subfield>
		<subfield code="t">0</subfield>
		<subfield code="m">Electronic access</subfield>
		<subfield code="s">01</subfield>
	</datafield>
	<datafield ind1=" " ind2=" " tag="999">
		<subfield code="i">NjP_703446</subfield>
		<subfield code="s">princeton_aco001191:juz 6</subfield>
		<subfield code="s">princeton_aco001192:juz 7</subfield>
		<subfield code="s">princeton_aco001193:juz 10</subfield>
		<subfield code="e">(ERROR-880)(ERROR-MISC)</subfield>
	</datafield>
</record>
